@inproceedings{deeplabv3plus2018,
    title={Encoder-decoder with atrous separable convolution for semantic image segmentation},
    author={Chen, Liang-Chieh and Zhu, Yukun and Papandreou, George and Schroff, Florian and Adam, Hartwig},
    booktitle={Proceedings of the European Conference on Computer Vision (ECCV)},
    pages={833--851},
    year={2018}
}

@article{deeplab2016,
    author = {Chen, Liang-Chieh and Papandreou, George and Kokkinos, Iasonas and Murphy, Kevin and Yuille, Alan},
    year = {2016},
    month = {06},
    pages = {},
    title = {DeepLab: Semantic Image Segmentation with Deep Convolutional Nets, Atrous Convolution, and Fully Connected CRFs},
    volume = {PP},
    journal = {IEEE Transactions on Pattern Analysis and Machine Intelligence},
    doi = {10.1109/TPAMI.2017.2699184}
}

@inproceedings{resnet2016,
    title={Deep Residual Learning for Image Recognition},
    author={He, Kaiming and Zhang, Xiangyu and Ren, Shaoqing and Sun, Jian},
    booktitle={Proceedings of the IEEE Conference on Computer Vision and Pattern Recognition (CVPR)},
    pages={770--778},
    year={2016}
}

@inproceedings{mobilenetv22018,
    title={MobileNetV2: Inverted Residuals and Linear Bottlenecks},
    author={Sandler, Mark and Howard, Andrew and Zhu, Menglong and Zhmoginov, Andrey and Chen, Liang-Chieh},
    booktitle={Proceedings of the IEEE Conference on Computer Vision and Pattern Recognition (CVPR)},
    pages={4510--4520},
    year={2018}
}

@inproceedings{wong2016,
    author = {Wong, Sebastien and Gatt, Adam and Stamatescu, Victor and McDonnell, Mark},
    year = {2016},
    month = {11},
    pages = {1-6},
    title = {Understanding Data Augmentation for Classification: When to Warp?},
    booktitle = {Conference: 2016 International Conference on Digital Image Computing: Techniques and Applications (DICTA)},
    doi = {10.1109/DICTA.2016.7797091}
}

@inproceedings{han2016,
    author = {Han, Song and Mao, Huizi and Dally, William},
    year = {2016},
    month = {10},
    pages = {},
    title = {Deep Compression: Compressing Deep Neural Networks with Pruning, Trained Quantization and Huffman Coding},
    booktitle = {Conference: 2016 International Conference on Learning Representations ICLR}
}

@inproceedings{efficientnet2019,
    author={Mingxing Tan and Quoc V. Le},
    year = {2019},
    pages = {},
    title={EfficientNet: Rethinking Model Scaling for Convolutional Neural Networks},
    booktitle = {Conference: 2019 International Conference on Machine Learning ICML}
}

@misc{safavi2023efficientsemanticsegmentationedge,
      title={Efficient Semantic Segmentation on Edge Devices}, 
      author={Farshad Safavi and Irfan Ali and Venkatesh Dasari and Guanqun Song and Ting Zhu and Maryam Rahnemoonfar},
      year={2023},
      eprint={2212.13691},
      archivePrefix={arXiv},
      primaryClass={cs.CV},
      url={https://arxiv.org/abs/2212.13691}, 
}

@misc{tran2022,
      title={Semantic Segmentation using Deep Neural Networks for MAVs.},
      author={Tran Tommy},
      year={2022}
}